<collection xmlns="http://www.loc.gov/MARC21/slim">
<record>
  <leader>01440nam0a22002771i 450 </leader>
  <controlfield tag="001">IT\ICCU\CNCE\079455</controlfield>
  <controlfield tag="005">20170504000000.0</controlfield>
  <datafield tag="012" ind1=" " ind2=" ">
    <subfield code="a">daso daEt geel soi&amp; (C) 1525 (Q)</subfield>
    <subfield code="2">fei</subfield>
  </datafield>
  <datafield tag="100" ind1=" " ind2=" ">
    <subfield code="a">20170504f15251526    0itac0103    ba</subfield>
  </datafield>
  <datafield tag="101" ind1=" " ind2=" ">
    <subfield code="a">ITA</subfield>
  </datafield>
  <datafield tag="102" ind1=" " ind2=" ">
    <subfield code="a">IT</subfield>
  </datafield>
  <datafield tag="200" ind1="1" ind2=" ">
    <subfield code="a">Copia duna lettera venuta di Francia in Roma duno abbattimento facto nuouamente per dua signori dinanzi al re christianissimo &amp; del numero di exerciti di sua maesta che vengono in Italia</subfield>
  </datafield>
  <datafield tag="210" ind1=" " ind2=" ">
    <subfield code="d">\tra il 1525 e il 1526!</subfield>
  </datafield>
  <datafield tag="215" ind1=" " ind2=" ">
    <subfield code="a">\4! c.</subfield>
    <subfield code="d">8ʻ</subfield>
  </datafield>
  <datafield tag="300" ind1=" " ind2=" ">
    <subfield code="a">La data si ricava dal testo. - Presumibilmente stampata a Firenze da Michelangelo de&apos; Libri, come si ricava dall&apos;analisi del materiale tipografico</subfield>
  </datafield>
  <datafield tag="620" ind1=" " ind2=" ">
    <subfield code="a">IT</subfield>
    <subfield code="d">Firenze</subfield>
  </datafield>
  <datafield tag="712" ind1="0" ind2="0">
    <subfield code="a">Libri, Michelangelo de&apos;</subfield>
    <subfield code="3">IT\ICCU\CNCT\002873</subfield>
    <subfield code="4">650</subfield>
  </datafield>
  <datafield tag="791" ind1="0" ind2="2">
    <subfield code="a">Michelangelo di Bartolomeo</subfield>
    <subfield code="3">IT\ICCU\CNCT\000324</subfield>
    <subfield code="z">Libri, Michelangelo de&apos;</subfield>
  </datafield>
  <datafield tag="791" ind1="0" ind2="2">
    <subfield code="a">M. di B. F.</subfield>
    <subfield code="3">IT\ICCU\CNCT\002369</subfield>
    <subfield code="z">Libri, Michelangelo de&apos;</subfield>
  </datafield>
  <datafield tag="791" ind1="0" ind2="2">
    <subfield code="a">M. di Bart. F.</subfield>
    <subfield code="3">IT\ICCU\CNCT\002370</subfield>
    <subfield code="z">Libri, Michelangelo de&apos;</subfield>
  </datafield>
  <datafield tag="791" ind1="0" ind2="0">
    <subfield code="a">Bartolomeo, Michele Angelo di</subfield>
    <subfield code="3">IT\ICCU\CNCT\002371</subfield>
    <subfield code="z">Libri, Michelangelo de&apos;</subfield>
  </datafield>
  <datafield tag="791" ind1="0" ind2="2">
    <subfield code="a">Michelangelo de&apos; Libri</subfield>
    <subfield code="3">IT\ICCU\CNCT\002372</subfield>
    <subfield code="z">Libri, Michelangelo de&apos;</subfield>
  </datafield>
  <datafield tag="791" ind1="0" ind2="2">
    <subfield code="a">Michelagnolo di Bart. di F.</subfield>
    <subfield code="3">IT\ICCU\CNCT\003276</subfield>
    <subfield code="z">Libri, Michelangelo de&apos;</subfield>
  </datafield>
  <datafield tag="791" ind1="0" ind2="2">
    <subfield code="a">Michael Angelus Bartholomei</subfield>
    <subfield code="3">IT\ICCU\CNCT\004961</subfield>
    <subfield code="z">Libri, Michelangelo de&apos;</subfield>
  </datafield>
  <datafield tag="801" ind1=" " ind2="3">
    <subfield code="a">IT</subfield>
    <subfield code="b">ICCU</subfield>
    <subfield code="c">20201115</subfield>
  </datafield>
  <datafield tag="899" ind1=" " ind2=" ">
    <subfield code="a">British Library. London</subfield>
    <subfield code="1">UK0001</subfield>
  </datafield>
</record>
</collection>
